@Preamble{ " \newcommand{\noop}[1]{} " }


@article{eliason2009does,
	title={Does job loss shorten life?},
	author={Eliason, Marcus and Storrie, Donald},
	journal={Journal of Human Resources},
	volume={44},
	number={2},
	pages={277--302},
	year={2009},
	publisher={University of Wisconsin Press}
}


@article{eliason2009job,
	title={Job loss is bad for your health--Swedish evidence on cause-specific hospitalization following involuntary job loss},
	author={Eliason, Marcus and Storrie, Donald},
	journal={Social science \& medicine},
	volume={68},
	number={8},
	pages={1396--1406},
	year={2009},
	publisher={Elsevier}
}


@article{eliason2010inpatient,
	title={Inpatient psychiatric hospitalization following involuntary job loss},
	author={Eliason, Marcus and Storrie, Donald},
	journal={International Journal of Mental Health},
	volume={39},
	number={2},
	pages={32--55},
	year={2010},
	publisher={Taylor \& Francis}
}


@Article{Sullivan,
	author = {Sullivan, D. and T. von Wachter},
	title = {Job displacement and mortality: an analysis using
administrative data.},
	journal = {Quarterly Journal of Economics },
	year = {2009},
	OPTkey = {•},
	volume = {124},
	number = {3},
	pages = {1265-1306},
	OPTmonth = {•},
	OPTnote = {•},
	OPTannote = {•}
}

@Article{dehejia,
	author = {Dehejia, Rajeev and Adriana Lleras Muney},
	title = {Booms, busts, and babies' health.},
	journal = {Quarterly Journal of Economics },
	year = {2004},
	OPTkey = {•},
	volume = {119},
	number = {3},
	pages = {1091-1130},
	OPTmonth = {•},
	OPTnote = {•},
	OPTannote = {•}
}

@Article{adsera,
	author = {Adsera, Alicia},
	title = {Vanishing children: From high unemployment to
low fertility in developed countries.},
	journal = {American Economic Review},
	year = {2005},
	OPTkey = {•},
	volume = {95},
	number = {2},
	pages = {189-193},
	OPTmonth = {•},
	OPTnote = {•},
	OPTannote = {•}
}

@Article{Van,
author = {Van der Klaauw, Bas and Van Ours, Jan C.},
title = {Carrot and Stick: How Re-employment Bonuses and Benefit Sanctions Affect Eit Rates From Welfare},
journal = {Journal of Applied Econometrics},
year = {2013},
OPTkey = {•},
volume = {28},
pages = {275-296},
OPTmonth = {•},
OPTnote = {•},
OPTannote = {•}
}

@Article{Caliendo,
author = {Caliendo, M. and Konstantinos Tatsiramos and Arne Uhlendorff},
title = {Benefit duration, unemployment duration and job match quality: A regression-discontinuity approach.},
journal = {Journal of Applied Econometrics},
year = {2013},
OPTkey = {•},
volume = {28},
pages = {604-627},
OPTmonth = {•},
OPTnote = {•},
OPTannote = {•}
}

@Article{goodman,
author = {Goodman-Bacon, Andrew},
title = {Difference-in-Differences with Variation in Treatment Timing.},
journal = {Journal of Econometrics},
year = {2021},
OPTkey = {•},
volume = {225},
number = {2},
pages = {254-277},
OPTmonth = {•},
OPTnote = {•},
OPTannote = {•}
}

@Article{schmieder,
author = {Schmieder, Johannes and Till von Wachter and Joerg Heining},
title = {The Costs of Job Displacement over the Business Cycle and Its Sources: Evidence from Germany.},
journal = {American Economic Review},
year = {2023},
OPTkey = {•},
volume = {113},
number = {5},
pages = {1208-1254},
OPTmonth = {•},
OPTnote = {•},
OPTannote = {•}
}

@Article{mira,
	author = {Ahn, Namkee and Pedro Mira.},
	title = {Job bust, baby bust? Evidence from Spain.},
	journal = {Journal of Population Economics},
	year = {2001},
	OPTkey = {•},
	volume = {14},
	number = {3},
	pages = {505-521},
	OPTmonth = {•},
	OPTnote = {•},
	OPTannote = {•}
}

@Article{Rege,
	author = {Rege, Mari and Telle, Kjetil and Mark Votruba},
	title = {Parental Job Loss and Children’s School Performance.},
	journal = {Review of Economic Studies},
	year = {2011},
	OPTkey = {•},
	volume = {78},
	pages = {1462-1489},
	OPTmonth = {•},
	OPTnote = {•},
	OPTannote = {•}
}

@Article{Ruhm,
	author = {Ruhm, C. J.},
	title = {Are Workers Permanently Scarred by Job Displacements?},
	journal = {American Economic Review},
	year = {1991},
	OPTkey = {•},
	volume = {81},
	pages = {319-324},
	OPTmonth = {•},
	OPTnote = {•},
	OPTannote = {•}
}

@BOOK{Kasl,
   author = "Kasl, S. V. and B. A. Jones",
   title = "The impact of job loss and retirement on health. In:
Berkman, L., Kawachi, I. (Eds.), Social Epidemiology. .",
   publisher = "Oxford University Press.",
   year = "2000"
}


@Unpublished{Gathmann,
author = {Gathmann, Christina and Huttunen, Kristiina and Jernström,  Laura and Sääksvuori, Lauri and Robin Stitzing},
title = {In Sickness and in Health: Job Displacement and Health Spillovers in Couples.},
note = {Working Paper},
OPTkey = {•},
OPTmonth = {•},
year = {2020},
OPTannote = {•}
}

@Article{Kuhn,
	author = {Kuhn, A. and Lalive, R. and J. Zweimüller},
	title = {The public health costs of job loss.},
	journal = {Journal of Health Economics},
	year = {2009},
	OPTkey = {•},
	volume = {28},
	pages = {1099-1115},
	OPTmonth = {•},
	OPTnote = {•},
	OPTannote = {•}
}

@Article{Eliason,
	author = {Eliason, M. and D. Storrie},
	title = {Inpatient psychiatric hospitalization following involuntary job loss.},
	journal = {International Journal of Mental Health},
	year = {2010},
	OPTkey = {•},
	volume = {39},
	number = {2},
	pages = {32-55},
	OPTmonth = {•},
	OPTnote = {•},
	OPTannote = {•}
}

@Article{Schmitz,
	author = {Schmitz, H.},
	title = {Why are the unemployed in worse health? The causal effect of unemployment on health.},
	journal = {Labour economics},
	year = {2011},
	OPTkey = {•},
	volume = {18},
	pages = {71-78},
	OPTmonth = {•},
	OPTnote = {•},
	OPTannote = {•}
}

@Article{Classen,
	author = {Classen, T. J. and R. A. Dunn},
	title = {The effect of job loss and unemployment duration on suicide risk in the United States: A new look using mass‐layoffs and unemployment duration.},
	journal = {Health Economics},
	year = {2012},
	OPTkey = {•},
	volume = {21},
	pages = {338-350},
	OPTmonth = {•},
	OPTnote = {•},
	OPTannote = {•}
}

@Article{Browning,
	author = {Browning, M. and E. Heinesen},
	title = {Effect of job loss due to plant closure on mortality and hospitalization.},
	journal = {Journal of Health Economics},
	year = {2012},
	OPTkey = {•},
	volume = {31},
	pages = {599-616},
	OPTmonth = {•},
	OPTnote = {•},
	OPTannote = {•}
}

@Article{Marcus,
	author = {Marcus, J.},
	title = {The effect of unemployment on the mental health of spouses–Evidence from plant closures in Germany.},
	journal = {Journal of Health Economics},
	year = {2013},
	OPTkey = {•},
	volume = {32},
	pages = {546-558},
	OPTmonth = {•},
	OPTnote = {•},
	OPTannote = {•}
}

@Article{Drydakis,
	author = {Drydakis, N.},
	title = {The effect of unemployment on self-reported health and mental health in Greece from 2008 to 2013: a longitudinal study before and during the financial crisis.},
	journal = {Social Science \& Medicine},
	year = {2015},
	OPTkey = {•},
	volume = {128},
	pages = {43-51},
	OPTmonth = {•},
	OPTnote = {•},
	OPTannote = {•}
}

@Article{Schaller,
	author = {Schaller, J. and A. H. Stevens},
	title = {Short-run effects of job loss on health conditions, health insurance, and health care utilization.},
	journal = {Journal of Health Economics},
	year = {2015},
	OPTkey = {•},
	volume = {43},
	pages = {190-203},
	OPTmonth = {•},
	OPTnote = {•},
	OPTannote = {•}
}

@Article{Black,
	author = {Black, S. E. and Devereux, P. J. and K. G. Salvanes},
	title = {Losing heart? The effect of job displacement on health.},
	journal = {ILR Review},
	year = {2015},
	OPTkey = {•},
	volume = {68},
	number = {4},
	pages = {833-861},
	OPTmonth = {•},
	OPTnote = {•},
	OPTannote = {•}
}

@Article{Tsou,
	author = {Tsou, Meng-Wen and Ho, Pei-Chuan and Jin-Tan Liu},
	title = {The Effects of Job Displacement on
Wage and Health.},
	journal = {Taiwan Economic Review (In Chinese)},
	year = {2016},
	OPTkey = {•},
	volume = {44},
	number = {2},
	pages = {127-169},
	OPTmonth = {•},
	OPTnote = {•},
	OPTannote = {•}
}

@Article{Tsai,
	author = {Tsai, S.-L.},
	title = {Medical Care Utilization, Mortality
and Unemployment in Economic Recession.},
	journal = {Doctoral Dissertation, Institute of Public
Health, National Yang-Ming University},
	year = {2004},
	OPTmonth = {•},
	OPTnote = {•},
	OPTannote = {•}
}

@Article{Jacobson,
	author = {Jacobson, Louis S. and LaLonde, Robert J. and Daniel G. Sullivan},
	title = {Earnings Losses of Displaced Workers.},
	journal = {American Economic Review},
	year = {1993},
	OPTkey = {•},
	volume = {83},
	number = {4},
	pages = {685-709},
	OPTmonth = {•},
	OPTnote = {•},
	OPTannote = {•}
}

@Article{lachowska,
author = {Lachowska, Marta and Alexandre Mas and Steve Woodbury},
title = {Sources of Displaced Workers' Long-Term Earnings Losses.},
journal = {American Economic Review},
year = {2020},
OPTkey = {•},
volume = {110},
number = {10},
pages = {3231-3266},
OPTmonth = {•},
OPTnote = {•},
OPTannote = {•}
}


@Article{Huttunen,
	author = {Huttunen, Kristiina and Jenni Kellokumpu},
	title = {The Effect of Job Displacement on Couples' Fertility Decisions.},
	journal = {Journal of Labor Economics},
	year = {2016},
	OPTkey = {•},
	volume = {34},
	number ={2},
	pages = {403-442},
	OPTmonth = {•},
	OPTnote = {•},
	OPTannote = {•}
}

@Article{Bono,
	author = {Del Bono, Emilia and Andrea Weber and Rudolf Winter-Ebmer},
	title = {Clash of career and family: Fertility decisions after job displacement.},
	journal = {Journal of European Economic Association},
	year = {2012},
	OPTkey = {•},
	volume = {10},
	number ={4},
	pages = {659-683},
	OPTmonth = {•},
	OPTnote = {•},
	OPTannote = {•}
}

@Article{Lindo,
	author = {Lindo, Jason},
	title = {Are children really inferior goods? Evidence from
displacement-driven income shocks.},
	journal = {Journal of Huamn Resources},
	year = {2010},
	OPTkey = {•},
	volume = {45},
	number ={2},
	pages = {301-327},
	OPTmonth = {•},
	OPTnote = {•},
	OPTannote = {•}
}

@Article{Chen,
	author = {Chen, Y.-C. and Liu, J.-T. and L.-M. Wang},
	title = {The Impact of Displacement on Divorce.},
	journal = {Taiwan Economic Review (In Chinese)},
	year = {2010},
	OPTkey = {•},
	volume = {43},
	pages = {1-34},
	OPTmonth = {•},
	OPTnote = {•},
	OPTannote = {•}
}

@manual{NHIRD,
author = {},
title = {National Health Insurance Research Database codebook},
OPTkey = {•},
OPTmonth = {•},
year = {2012},
organization= {National Health Insurance Administration},
OPTannote = {•}
}



%% Add by Yung-Yu

@article{biro2020job,
  title={Job loss, disability insurance and health expenditure},
  author={B{\'\i}r{\'o}, Anik{\'o} and Elek, P{\'e}ter},
  journal={Labour Economics},
  volume={65},
  pages={101856},
  year={2020},
  publisher={Elsevier}
}

@article{farre2018feeling,
  title={Feeling useless: the effect of unemployment on mental health in the Great Recession},
  author={Farr{\'e}, L{\'\i}dia and Fasani, Francesco and Mueller, Hannes},
  journal={IZA Journal of Labor Economics},
  volume={7},
  number={1},
  pages={1--34},
  year={2018},
  publisher={Springer}
}

@article{mendolia2014impact,
  title={The impact of husband’s job loss on partners’ mental health},
  author={Mendolia, Silvia},
  journal={Review of Economics of the Household},
  volume={12},
  number={2},
  pages={277--294},
  year={2014},
  publisher={Springer}
}

@article{zhao2017entropy,
  title={Entropy balancing is doubly robust},
  author={Zhao, Qingyuan and Percival, Daniel},
  journal={Journal of Causal Inference},
  volume={5},
  number={1},
  year={2017},
  publisher={De Gruyter}
}

@article{pohlan2019unemployment,
  title={Unemployment and social exclusion},
  author={Pohlan, Laura},
  journal={Journal of Economic Behavior \& Organization},
  volume={164},
  pages={273--299},
  year={2019},
  publisher={Elsevier}
}

@article{schiele2016quantile,
  title={Quantile treatment effects of job loss on health},
  author={Schiele, Valentin and Schmitz, Hendrik},
  journal={Journal of Health Economics},
  volume={49},
  pages={59--69},
  year={2016},
  publisher={Elsevier}
}

@article{zimmer2021effect,
  title={The effect of job displacement on mental health, when mental health feeds back to future job displacement},
  author={Zimmer, David M},
  journal={The Quarterly Review of Economics and Finance},
  volume={79},
  pages={360--366},
  year={2021},
  publisher={Elsevier}
}

@article{salm2009does,
  title={Does job loss cause ill health?},
  author={Salm, Martin},
  journal={Health Economics},
  volume={18},
  number={9},
  pages={1075--1089},
  year={2009},
  publisher={Wiley Online Library}
}

@article{cygan2017bounding,
  title={Bounding the causal effect of unemployment on mental health: Nonparametric evidence from four countries},
  author={Cygan-Rehm, Kamila and Kuehnle, Daniel and Oberfichtner, Michael},
  journal={Health Economics},
  volume={26},
  number={12},
  pages={1844--1861},
  year={2017},
  publisher={Wiley Online Library}
}

@article{lazareva2020effect,
  title={The effect of labor market shocks on health: the case of the Russian transition},
  author={Lazareva, Olga},
  journal={Economics \& Human Biology},
  volume={36},
  pages={100823},
  year={2020},
  publisher={Elsevier}
}

@article{lenhart2017role,
  title={The role of economic shocks on health: Evidence from German reunification},
  author={Lenhart, Otto},
  journal={Southern Economic Journal},
  volume={84},
  number={1},
  pages={275--296},
  year={2017},
  publisher={Wiley Online Library}
}

@article{coope2015characteristics,
  title={Characteristics of people dying by suicide after job loss, financial difficulties and other economic stressors during a period of recession (2010--2011): A review of coroners' records},
  author={Coope, Caroline and Donovan, Jenny and Wilson, Caroline and Barnes, Maria and Metcalfe, Chris and Hollingworth, William and Kapur, Nav and Hawton, Keith and Gunnell, David},
  journal={Journal of Affective Disorders},
  volume={183},
  pages={98--105},
  year={2015},
  publisher={Elsevier}
}

@article{canavan2021moderating,
  title={The moderating effect of social support and social integration on the relationship between involuntary job loss and health},
  author={Canavan, Maureen and Gallo, William T and Marshall, Gillian L},
  journal={Journal of Applied Gerontology},
  volume={40},
  number={10},
  pages={1272--1279},
  year={2021},
  publisher={SAGE Publications Sage CA: Los Angeles, CA}
}

@article{huang2014job,
  title={Job loss and unmet health care needs in the economic recession: different associations by family income},
  author={Huang, Jin and Birkenmaier, Julie and Kim, Youngmi},
  journal={American Journal of Public Health},
  volume={104},
  number={11},
  pages={e178--e183},
  year={2014},
  publisher={American Public Health Association}
}

@article{hamad2016effects,
  title={The effects of job insecurity on health care utilization: findings from a panel of US workers},
  author={Hamad, Rita and Modrek, Sepideh and Cullen, Mark R},
  journal={Health services research},
  volume={51},
  number={3},
  pages={1052--1073},
  year={2016},
  publisher={Wiley Online Library}
}

@article{keefe2002serious,
  title={Serious health events following involuntary job loss in New Zealand meat processing workers},
  author={Keefe, Vera and Reid, Papaarangi and Ormsby, Clint and Robson, Bridget and Purdie, Gordon and Baxter, Joanne and Incorporated, Ng{\"a}ti Kahungunu Iwi},
  journal={International Journal of Epidemiology},
  volume={31},
  number={6},
  pages={1155--1161},
  year={2002},
  publisher={Oxford University Press}
}

@article{browning2006job,
  title={Job displacement and stress-related health outcomes},
  author={Browning, Martin and Moller Dano, Anne and Heinesen, Eskil},
  journal={Health economics},
  volume={15},
  number={10},
  pages={1061--1075},
  year={2006},
  publisher={Wiley Online Library}
}

@article{hainmueller2012entropy,
  title={Entropy balancing for causal effects: A multivariate reweighting method to produce balanced samples in observational studies},
  author={Hainmueller, Jens},
  journal={Political analysis},
  volume={20},
  number={1},
  pages={25--46},
  year={2012},
  publisher={Cambridge University Press}
}

@article{sant2020doubly,
  title={Doubly robust difference-in-differences estimators},
  author={Sant’Anna, Pedro HC and Zhao, Jun},
  journal={Journal of Econometrics},
  volume={219},
  number={1},
  pages={101--122},
  year={2020},
  publisher={Elsevier}
}

@article{callaway2021difference,
  title={Difference-in-differences with multiple time periods},
  author={Callaway, Brantly and Sant’Anna, Pedro HC},
  journal={Journal of Econometrics},
  volume={225},
  number={2},
  pages={200--230},
  year={2021},
  publisher={Elsevier}
}